2525 4367
155 440 215 497 102
590 426 803 492 NEMEA.

150 691 256 757 victori
269 691 302 754 in
316 688 412 753 decus
429 688 480 777 (ad
493 686 666 751 ornandum
677 686 842 769 victorem)
859 688 887 750 si
904 708 972 773 qua
989 690 1060 752 altu
1071 709 1150 752 voce
1163 687 1209 751 io-

148 930 248 995 oouui.
293 930 369 993 Nou
394 927 530 993 difficilis
552 948 622 991 eum
644 925 686 993 ed
705 926 945 1010 persolvendum
974 928 1115 1012 (tanda,
1136 950 1208 1013 que

147 1170 301 1237 debentur
325 1163 397 1233 viris
422 1163 566 1246 meritis).
607 1162 745 1230 nectere
769 1183 899 1233 onrouue
925 1164 1106 1245 (frondens)
1138 1166 1205 1229 leve

149 1416 207 1473 est.
249 1402 417 1489 Exspecto.
461 1397 556 1463 Musa
569 1396 627 1465 tibi
640 1368 740 1461 nectit
751 1420 862 1466 aurum
874 1398 1114 1495 candidumque
1125 1404 1204 1467 ebur

147 1666 210 1711 uno
237 1661 423 1727 suavemque
437 1640 543 1703 florem
568 1637 626 1701 sub
649 1636 771 1701 marino
794 1637 977 1723 decerptum
997 1660 1066 1703 rore
1094 1651 1200 1725 (0012.
1247 1503 1252 1768 Ι

146 1877 252 1953 lium).
273 1910 319 1920 —
340 1870 377 1934 ln
392 1868 480 1933 Jovis
496 1888 567 1931 vero
589 1865 784 1931 mentionem
798 1868 960 1952 prolapsus
972 1879 1102 1957 propter
1126 1871 1200 1935 Ne.

147 2136 261 2195 meam,
277 2115 428 2178 celebrem
439 2112 626 2196 hymnorum
640 2127 754 2172 sonum
767 2129 859 2172 move
876 2119 910 2192 (ο
925 2112 1045 2187 anime)
1058 2112 1200 2195 placide.

145 2346 265 2433 Regem
281 2349 364 2411 enim
380 2349 509 2413 deorum
524 2347 615 2411 decet
630 2348 738 2410 soloin
751 2346 847 2411 hocoe
860 2347 1022 2432 (Nemeae)
1037 2349 1199 2415 celebrare

143 2586 247 2653 divina
271 2606 357 2649 voce.
398 2584 500 2648 Aiunt
525 2583 609 2648 enim
634 2586 738 2671 ipsum
751 2584 1197 2697 (Jovem)u·mutre-exeepto

143 2819 262 2886 semine
275 2816 417 2903 genuisse
440 2815 589 2896 AEnoum,
604 2854 649 2863 -
663 2836 744 2879 meae
774 2816 897 2899 (immo,
913 2821 1041 2899 vestrae)
1057 2818 1195 2904 quidem

144 3054 378 3140 gubernatorem
394 3053 519 3118 illustris
530 3049 650 3138 patriae,
659 3062 823 3139 tuumque,
834 3077 854 3117 o
869 3055 1037 3134 Hercules,
1049 3056 1191 3119 benevo-

146 3287 211 3350 lum
225 3284 376 3370 hospitem
393 3287 589 3371 fratremque.
611 3286 648 3350 Si
657 3306 728 3350 vero
736 3287 900 3349 utilitatem
914 3287 997 3371 capit
1005 3310 1046 3351 ex
1059 3288 1189 3353 homine

142 3514 256 3584 homo:
292 3516 365 3605 quid
390 3516 535 3585 dieemun
554 3520 703 3599 vicinum,
730 3520 845 3585 animo
866 3520 987 3585 intento
1012 3534 1196 3604 amanteum·
